%----

@article{dopico:16,
author = {Dopico, M and Gomez, Alberto and De la Fuente, D and García, N and Rosillo, R and Puche Regaliza, J},
year = {2016},
month = {07},
pages = {},
title = {A Vision of Industry 4.0 from an Artificial Intelligence}
}


@Article{Lasi2014,
author="Lasi, Heiner
and Fettke, Peter
and Kemper, Hans-Georg
and Feld, Thomas
and Hoffmann, Michael",
title="Industry 4.0",
journal="Business {\&} Information Systems Engineering",
year="2014",
month="Aug",
day="01",
volume="6",
number="4",
pages="239--242",
issn="1867-0202",
doi="10.1007/s12599-014-0334-4",
url="https://doi.org/10.1007/s12599-014-0334-4"
}

@MISC{schneider:16,
author = {David Schneider},
title = {New Report Highlights Dangers of Hacked Factory Robots},
month = may,
year = {2017},
note = "\url{https://spectrum.ieee.org/automaton/robotics/industrial-robots/report-dangers-of-hacked-factory-robots}"
}


@MISC{europarl:16,
author = {Jan SMIT (Centre for Strategy \& Evaluation Services LLP), Stephan KREUTZER (Centre for Strategy \& Evaluation Services LLP), Carolin MOELLER (Centre for Strategy \& Evaluation Services LLP) and Malin CARLBERG (Centre for Strategy \& Evaluation Services LLP)},
title = {Industry 4.0},
month = feb,
year = {2016},
note = "\url{http://www.europarl.europa.eu/thinktank/pt/document.html?reference=IPOL_STU(2016)570007}"
}



@MISC{pwc:16,
author = {Nils Budde and Gorm Lykke Østergaard},
title = {Industry 4.0: Building the Digital Enterprise},
month = apr,
year = {2016},
note = "\url{https://www.pwc.dk/da/cxo/cxo-survey-2016/cxo-industry-4-0.pdf}"
}











